<record><leader>00000cas a22000007a 4500</leader><controlfield tag="001">19892065</controlfield><controlfield tag="008">890619d19401941arucr ne      0    0eng d</controlfield><datafield ind1=" " ind2=" " tag="010"><subfield code="a">sn 89051254 </subfield></datafield><datafield ind1=" " ind2=" " tag="040"><subfield code="a">ANU</subfield><subfield code="b">eng</subfield><subfield code="c">ANU</subfield><subfield code="d">OCLCQ</subfield><subfield code="d">OCLCF</subfield><subfield code="d">OCLCO</subfield></datafield><datafield ind1=" " ind2=" " tag="042"><subfield code="a">msc</subfield></datafield><datafield ind1=" " ind2=" " tag="043"><subfield code="a">n-us-ar</subfield></datafield><datafield ind1="0" ind2=" " tag="130"><subfield code="a">Journal-telegraph (Hope, Ark.)</subfield></datafield><datafield ind1="1" ind2="0" tag="245"><subfield code="a">Journal-telegraph.</subfield></datafield><datafield ind1=" " ind2=" " tag="260"><subfield code="a">Hope, Ark. :</subfield><subfield code="b">Journal-Telegraph Co.</subfield></datafield><datafield ind1=" " ind2=" " tag="300"><subfield code="a">v.</subfield></datafield><datafield ind1=" " ind2=" " tag="310"><subfield code="a">Semiweekly</subfield></datafield><datafield ind1="0" ind2=" " tag="362"><subfield code="a">Vol. 101, no. 41 (Oct. 18, 1940)-v. 102, no. 38 (May 9, 1941).</subfield></datafield><datafield ind1=" " ind2="0" tag="651"><subfield code="a">Hope (Ark.)</subfield><subfield code="v">Newspapers.</subfield></datafield><datafield ind1=" " ind2="7" tag="655"><subfield code="a">Newspapers.</subfield><subfield code="2">fast</subfield><subfield code="0">(OCoLC)fst01423814</subfield></datafield><datafield ind1=" " ind2="7" tag="651"><subfield code="a">Arkansas</subfield><subfield code="z">Hope.</subfield><subfield code="2">fast</subfield><subfield code="0">(OCoLC)fst01214378</subfield></datafield><datafield ind1=" " ind2=" " tag="752"><subfield code="a">United States</subfield><subfield code="b">Arkansas</subfield><subfield code="c">Hempstead</subfield><subfield code="d">Hope.</subfield></datafield><datafield ind1=" " ind2=" " tag="752"><subfield code="a">United States</subfield><subfield code="b">Arkansas</subfield><subfield code="c">Hempstead</subfield><subfield code="d">Washington.</subfield></datafield><datafield ind1="0" ind2="4" tag="780"><subfield code="t">Southwest journal</subfield><subfield code="w">(DLC)sn 91050000</subfield></datafield><datafield ind1="0" ind2="4" tag="780"><subfield code="t">Washington telegraph (Washington, Ark. : 1892)</subfield><subfield code="w">(DLC)sn 89051252</subfield></datafield><datafield ind1="0" ind2="6" tag="785"><subfield code="t">Hope journal</subfield><subfield code="w">(DLC)sn 91050007</subfield></datafield><datafield ind1="0" ind2="6" tag="785"><subfield code="t">Washington telegraph (Washington, Ark. : 1941)</subfield><subfield code="w">(DLC)sn 89051251</subfield></datafield></record>